% This file was created with Citavi 7.0.7.1

@article{Ternikov.2024,
 abstract = {1},
 author = {Ternikov, Andrei and Blyakher, Mikhail},
 year = {2024},
 title = {Grade inflation and grading process: does faculty workload matter?},
 url = {https://www.emerald.com/insight/content/doi/10.1108/jarhe-06-2023-0247/full/pdf},
 pages = {1937--1955},
 volume = {16},
 number = {5},
 issn = {2050-7003},
 journal = {Journal of Applied Research in Higher Education},
 doi = {10.1108/JARHE-06-2023-0247}
}

% This file was created with Citavi 7.0.7.1

@misc{Messer.2023,
 author = {Messer, Marcus and Brown, Neil C. C. and K{\"o}lling, Michael and Shi, Miaojing},
 date = {2024},
 title = {Automated Grading and Feedback Tools for Programming Education: A Systematic Review},
 url = {http://arxiv.org/pdf/2306.11722},
 number = {1},
 doi = {10.1145/3636515},
 file = {Messer, Brown et al. 2023 - Automated Grading and Feedback Tools (2):Attachments/Messer, Brown et al. 2023 - Automated Grading and Feedback Tools (2).pdf:application/pdf;Messer, Brown et al. 2023 - Automated Grading and Feedback Tools:Attachments/Messer, Brown et al. 2023 - Automated Grading and Feedback Tools.pdf:application/pdf}
}


